@article{einstein_original,
    author = "Albert Einstein",
    title = "Quantentheorie des einatomigen idealen Gases",
    journal = "Königliche Preußische Akademie der Wissenschaften, Sitzungsberichte, Berlin, Physikalisch-mathematische Klasse 1924, Gesamtsitzung vom 10. Juli 1924",
    pages = "261--267",
    year = "1924"
}

@article{ketterle,
  title = {Bose-Einstein Condensation in a Gas of Sodium Atoms},
  author = {Davis, K. B. and Mewes, M. -O. and Andrews, M. R. and van Druten, N. J. and Durfee, D. S. and Kurn, D. M. and Ketterle, W.},
  journal = {Phys. Rev. Lett.},
  volume = {75},
  issue = {22},
  pages = {3969--3973},
  numpages = {0},
  year = {1995},
  month = {Nov},
  publisher = {American Physical Society},
  doi = {10.1103/PhysRevLett.75.3969},
  url = {https://link.aps.org/doi/10.1103/PhysRevLett.75.3969}
}

@article{wieman,
    author = "M. H. Anderson et al.",
    title = "Observation of Bose-Einstein Condensation in a Dilute Atomic Vapor",
    journal = "Science",
    volume = "269",
    issue = "5221",
    pages = "198--201",
    year = "1995",
    DOI = "10.1126/science.269.5221.198",
}




%%%%%%%%%%%%%%%%%%%%%%%%%%%%%%%%%%%
% EXAMPLES:
%
% @article{einstein,
%     author = "Albert Einstein",
%     title = "{Zur Elektrodynamik bewegter K{\"o}rper}. ({German})
%     [{On} the electrodynamics of moving bodies]",
%     journal = "Annalen der Physik",
%     volume = "322",
%     number = "10",
%     pages = "891--921",
%     year = "1905",
%     DOI = "http://dx.doi.org/10.1002/andp.19053221004",
%     keywords = "physics"
% }

% @book{dirac,
%     title = {The Principles of Quantum Mechanics},
%     author = {Paul Adrien Maurice Dirac},
%     isbn = {9780198520115},
%     series = {International series of monographs on physics},
%     year = {1981},
%     publisher = {Clarendon Press},
%     keywords = {physics}
% }

% @online{knuthwebsite,
%     author = "Donald Knuth",
%     title = "Knuth: Computers and Typesetting",
%     url  = "http://www-cs-faculty.stanford.edu/~uno/abcde.html",
%     addendum = "(accessed: 01.09.2016)",
%     keywords = "latex,knuth"
% }

% @inbook{knuth-fa,
%     author = "Donald E. Knuth",
%     title = "Fundamental Algorithms",
%     publisher = "Addison-Wesley",
%     year = "1973",
%     chapter = "1.2",
%     keywords  = "knuth,programming"
% }
% ...

